<record xmlns="http://www.loc.gov/MARC21/slim" xmlns:xsi="http://www.w3.org/2001/XMLSchema-instance" xsi:schemaLocation="http://www.loc.gov/MARC21/slim http://www.loc.gov/standards/marcxml/schema/MARC21slim.xsd">

  <leader>00868nam a2200277Ia 4500</leader>
  <datafield tag="999" ind2=" " ind1=" ">
    <subfield code="c">1825</subfield>
    <subfield code="d">1825</subfield>
  </datafield>
  <controlfield tag="008">180426b1998    f  ||||| |||| 00| | spa d</controlfield>
  <datafield ind1=" " ind2=" " tag="090">
    <subfield code="a">06.03.06</subfield>
    <subfield code="b"> 704</subfield>
  </datafield>
  <datafield tag="111" ind2=" " ind1="2">
    <subfield code="a">Conferencia Mundial sobre la Educación Superior [1998 : París, Francia]</subfield>
    <subfield code="9">3614</subfield>
  </datafield>
  <datafield ind1="1" ind2="3" tag="245">
    <subfield code="a">La educación superior en el siglo XXI : Visión y acción</subfield>
  </datafield>
  <datafield ind1=" " ind2=" " tag="260">
    <subfield code="a">París, Francia : </subfield>
    <subfield code="b">UNESCO, </subfield>
    <subfield code="c">1998</subfield>
  </datafield>
  <datafield ind1=" " ind2=" " tag="300">
    <subfield code="a">45 páginas</subfield>
  </datafield>
  <datafield ind2="4" ind1="1" tag="650">
    <subfield code="a">EDUCACIÓN SUPERIOR</subfield>
    <subfield code="9">8</subfield>
  </datafield>
  <datafield tag="650" ind2="4" ind1="1">
    <subfield code="a">PROYECTOS DE EDUCACION </subfield>
    <subfield code="9">152</subfield>
  </datafield>
  <datafield tag="650" ind1="1" ind2="4">
    <subfield code="a">CONFERENCIA</subfield>
    <subfield code="9">506</subfield>
  </datafield>
  <datafield tag="650" ind2="4" ind1="1">
    <subfield code="a">FORMACIÓN DE DOCENTES</subfield>
    <subfield code="9">9</subfield>
  </datafield>
  <datafield ind2="4" ind1="1" tag="650">
    <subfield code="a">TRABAJO</subfield>
    <subfield code="9">886</subfield>
  </datafield>
  <datafield tag="650" ind2="4" ind1="1">
    <subfield code="a">IDENTIDAD CULTURAL</subfield>
    <subfield code="9">480</subfield>
  </datafield>
  <datafield ind1="1" ind2="4" tag="650">
    <subfield code="a">PLURALISMO CULTURAL</subfield>
    <subfield code="9">841</subfield>
  </datafield>
  <datafield tag="650" ind1="1" ind2="4">
    <subfield code="a">RESPONSABILIDAD</subfield>
    <subfield code="9">399</subfield>
  </datafield>
  <datafield ind1="1" ind2="4" tag="650">
    <subfield code="a">PAZ</subfield>
    <subfield code="9">725</subfield>
  </datafield>
  <datafield ind1="1" ind2="4" tag="650">
    <subfield code="a">DESARROLLO DE LA EDUCACIÓN</subfield>
    <subfield code="9">24</subfield>
  </datafield>
  <datafield tag="650" ind1="1" ind2="4">
    <subfield code="a">MUJERES</subfield>
    <subfield code="9">55</subfield>
  </datafield>
  <datafield ind2=" " ind1=" " tag="711">
    <subfield code="a">Conferencia Mundial sobre la Educación Superior [1998  : París, Francia]</subfield>
  </datafield>
  <datafield tag="942" ind1=" " ind2=" ">
    <subfield code="2">z</subfield>
    <subfield code="c">01</subfield>
  </datafield>
</record>